@article{jamil2023pairwise,
  title={Pairwise likelihood estimation and limited information goodness-of-fit test statistics for binary factor analysis models under complex survey sampling},
  author={Jamil, Haziq and Moustaki, Irini and Skinner, Chris},
  journal={arXiv preprint arXiv:2311.02543},
  year={2023}
}